@article{Hariharan2014,
	title={Simultaneous Detection and Segmentation}, 
	author={Bharath Hariharan and Pablo Arbeláez and Ross Girshick and Jitendra Malik},
	year={2014},
	url={https://arxiv.org/abs/1407.1808},
	doi={https://doi.org/10.48550/arXiv.1407.1808}
}

@article{Sharma2022,
	title={A Survey on Object Instance Segmentation},
	author={Rabi Sharma and Muhammad Saqib and C. T. Lin and Michael Blumenstein},
	journal={SN COMPUT. SCI.},
	volume = {3},
	number = {499},
	year={2022},
	url={https://link.springer.com/article/10.1007/s42979-022-01407-3},
	doi = {https://doi.org/10.1007/s42979-022-01407-3}
}

@article{Hassan2022,
	title = {Knowledge distillation driven instance segmentation for grading prostate cancer},
	journal = {Computers in Biology and Medicine},
	volume = {150},
	pages = {106124},
	year = {2022},
	issn = {0010-4825},
	doi = {10.1016/j.compbiomed.2022.106124},
	url = {https://www.sciencedirect.com/science/article/pii/S0010482522008320},
	author = {Taimur Hassan and Muhammad Shafay and Bilal Hassan and Muhammad Usman Akram and Ayman ElBaz and Naoufel Werghi},
	keywords = {Histopathology, Deep learning, Prostate cancer, Prostate tissues, Incremental learning, Instance segmentation},
}

@article{Kar2022,
	title = {Benchmarking of deep learning algorithms for 3D instance segmentation of confocal image datasets},
	year = {2022},
	doi = {10.1371/journal.pcbi.1009879},
	url = {https://journals.plos.org/ploscompbiol/article?id=10.1371/journal.pcbi.1009879},
	author = {Anuradha Kar and Manuel Petit and Yassin Refahi and Guillaume Cerutti and Christophe Godin  and Jan Traas},
	keywords = {Deep learning, Microbiology, Instance segmentation},
}

@article{Haucke2021,
	title={Exploiting Depth Information for Wildlife Monitoring}, 
	author={Timm Haucke and Volker Steinhage},
	year={2021},
	url={https://arxiv.org/abs/2102.05607}, 
	doi={0.48550/arXiv.2102.05607}
}

@article{Raj2023,
	title={Bin-picking of novel objects through category-agnostic-segmentation: RGB matters}, 
	author={Prem Raj and Sachin Bhadang and Gaurav Chaudhary and Laxmidhar Behera and Tushar Sandhan},
	year={2023},
	url={https://arxiv.org/abs/2312.16741}, 
	doi={0.48550/arXiv.2312.16741}
}

@article{Danielczuk2019,
	title={Segmenting Unknown 3D Objects from Real Depth Images using Mask R-CNN Trained on Synthetic Data}, 
	author={Michael Danielczuk and Matthew Matl and Saurabh Gupta and Andrew Li and Andrew Lee and Jeffrey Mahler and Ken Goldberg},
	year={2019},
	url={https://arxiv.org/abs/1809.05825}, 
	doi={10.48550/arXiv.1809.05825}
}

@article{Xie2021,
	title={Unseen Object Instance Segmentation for Robotic Environments}, 
	author={Christopher Xie and Yu Xiang and Arsalan Mousavian and Dieter Fox},
	year={2021},
	url={https://arxiv.org/abs/2007.08073}, 
	doi={10.48550/arXiv.2007.08073}
}

%INPROCEEDINGS
@book{Qiu2024,
	author={Xinkuan Qiu and Meina Kan and Yongbin Zhou and Yanchao Bi and Shiguang Shan},
	booktitle={2024 IEEE/CVF Winter Conference on Applications of Computer Vision (WACV)}, 
	title={Shape-biased CNNs are Not Always Superior in Out-of-Distribution Robustness}, 
	year={2024},
	volume={},
	number={},
	pages={2315-2324},
	keywords={Deep learning;Adaptation models;Computer vision;Head;Shape;Design methodology;Stars;Algorithms;Machine learning architectures;formulations;and algorithms},
	doi={10.1109/WACV57701.2024.00232}
}

@article{Geihors2019,
	title={ImageNet-trained CNNs are biased towards texture; increasing shape bias improves accuracy and robustness}, 
	author={Robert Geirhos and Patricia Rubisch and Claudio Michaelis and Matthias Bethge and Felix A. Wichmann and Wieland Brendel},
	year={2022},
	url={https://arxiv.org/abs/1811.12231}, 
	doi={10.48550/arXiv.1811.12231}
}

@article{Gavrikov2024,
	title={Can Biases in ImageNet Models Explain Generalization?}, 
	author={Paul Gavrikov and Janis Keuper},
	year={2024},
	url={https://arxiv.org/abs/2404.01509},
	doi={10.48550/arXiv.2404.01509} 
}

@article{Li2021,
	title={Shape-Texture Debiased Neural Network Training}, 
	author={Yingwei Li and Qihang Yu and Mingxing Tan and Jieru Mei and Peng Tang and Wei Shen and Alan Yuille and Cihang Xie},
	year={2021},
	url={https://arxiv.org/abs/2010.05981}, 
	doi={0.48550/arXiv.2010.05981}
}

@inproceedings{Co2021,
	title={Universal Adversarial Robustness of Texture and Shape-Biased Models},
	url={http://dx.doi.org/10.1109/ICIP42928.2021.9506325},
	DOI={10.1109/icip42928.2021.9506325},
	booktitle={2021 IEEE International Conference on Image Processing (ICIP)},
	publisher={IEEE},
	author={Kenneth T. Co and Luis Muñoz-González and Leslie Kanthan and Ben Glocker and Emil C. Lupu},
	year={2021},
	month={sep}, 
	pages={799–803} 
}

@inbook{Chung2023,
	author = {Hyunhee Chung and Kyung Ho Park},
	year = {2023},
	month = {02},
	pages = {491-506},
	title = {Shape Prior is Not All You Need: Discovering Balance Between Texture and Shape Bias in CNN},
	isbn = {978-3-031-26283-8},
	doi = {10.1007/978-3-031-26284-5_30}
}

@inproceedings{Doersch2019,
	author = {Carl Doersch and Andrew Zisserman},
	booktitle = {Advances in Neural Information Processing Systems},
	pages = {},
	publisher = {Curran Associates, Inc.},
	title = {Sim2real transfer learning for 3D human pose estimation: motion to the rescue},
	url = {https://proceedings.neurips.cc/paper_files/paper/2019/file/d4a93297083a23cc099f7bd6a8621131-Paper.pdf},
	volume = {32},
	year = {2019},
	doi={10.48550/arXiv.1907.02499}
}

@INPROCEEDINGS{Uchida2016,
	author={Seiichi Uchida and Shota Ide and Brian Kenji Iwana and Anna Zhu},
	booktitle={2016 15th International Conference on Frontiers in Handwriting Recognition (ICFHR)}, 
	title={A Further Step to Perfect Accuracy by Training CNN with Larger Data}, 
	year={2016},
	volume={},
	number={},
	pages={405-410},
	keywords={Training;Character recognition;Handwriting recognition;Optical character recognition software;Neural networks;Computers;Printing;convolutional neural network;digit classification;large data;universal OCR;transfer learning},
	doi={10.1109/ICFHR.2016.0082}
}

@article{Alzubaidi2021,
	author={Laith Alzubaidi and Jinglan Zhang and Amjad J. Humaidi and Ayad Al-Dujaili and Ye Duan and Omran Al-Shamma and J. Santamaría and Mohammed A. Fadhel and Muthana Al-Amidie and Laith Farhan},
	title={Review of deep learning: concepts, CNN architectures, challenges, applications, future directions},
	year={2021},
	doi={10.1186/s40537-021-00444-8}
}











@article{Hariharadfsdfdsfn2014,
	title={Simultaneous Detection and Segmentation}, 
	author={Bharath Hariharan and Pablo Arbeláez and Ross Girshick and Jitendra Malik},
	Journal = {-},
	Volume = {-},
	Number = {-},
	Pages = {-},
	year={2014},
	eprint={1407.1808},
	archivePrefix={arXiv},
	primaryClass={cs.CV},
	url={https://arxiv.org/abs/1407.1808},
	Doi = {-}, 
}

@inproceedings{Brown2021,
	Author = {Alice Brown and Bob White},
	Title = {Advanced Techniques in Instance Segmentation},
	Booktitle = {Proceedings of the IEEE Conference on Computer Vision and Pattern Recognition},
	Pages = {456--467},
	Year = {2021},
	Doi = {10.1109/CVPR.2021.01234}
}

@online{Fowler2014,
	Author = {Martin Fowler},
	Title = {{Microservices}},
	Url = {https://martinfowler.com/articles/microservices.html},
	Urldate = {2018-10-22},
	Month = {3},
	Year = {2014}}

@book{Reese2009,
	Author = {George Reese},
	Edition = {1. Auflage},
	Keywords = {Cloud Architectures},
	Month = {4},
	Publisher = {O'Reilly Media},
	Title={Cloud Application Architectures: Building Applications and Infrastructure in the Cloud},
	isbn={9780596156367},
	Year = {2009}}

